@BOOK{Testovani_softwaru,
    author =       "{Ron Patton}",
    title =        "Testování softwaru",
    publisher =    "Computer Press Praha",
    year =         "2002",
    note =         "ISBN~80-7226-636-5",
}

@BOOK{Software_testing_patton,
    author =       "{Ron Patton}",
    title =        "Software testing Second edition",
    publisher =    "SAMS",
    year =         "2005",
    note =         "ISBN~0-672-32798-8",
}

@BOOK{Software_testing,
    author =       "Paul C. Jorgensen",
    title =        "Software testing",
    publisher =    "Auerbach Publications",
    note =         "ISBN~0-8493-74-75-8",
}

@MISC{cstugWeb,
    author =       "{WWW stránky}",  
    title =        "Československé sdružení uživatelů {\TeX}u",
    howpublished=  "{\tt http://www.cstug.cz}",
}

@MISC{fitWeb,
    author =       "Z. Rábová and P. Hanáček and P. Peringer and P. Přikryl and B. Křena",  
    title =        "Užitečné rady pro psaní odborného textu [online]",
    publisher =    "FIT VUT v Brně",
    year =         "2008-11-01 [cit. 2008-11-28]",
    howpublished=  "{\tt http://www.fit.vutbr.cz/info/statnice/psani\_textu.html}",
}

@online{PicoBlazeWeb,
    title={PicoBlaze 8-bit Microcontroller},
    url={http://www.xilinx.com/products/intellectual-property/picoblaze.htm},
    publisher={Xilinx Ltd.},
}

@manual{PicoBlazeUserGuide,
    title={{PicoBlaze 8-bit} Embedded Microcontroller User Guide},
    author={Ken Chapman},
    year={2011},
    organization={Xilinx Ltd.},
    url={http://www.xilinx.com/support/documentation/ip_documentation/ug129.pdf},
}

@manual{PicoBlaze,
    title={{PicoBlaze} {8-bit} Microcontroller for CPLD Devices},
    author={Ken Chapman},
    year={2003},
    url={http://www.xilinx.com/support/documentation/application_notes/xapp387.pdf},
    organization={Xilinx Ltd.},
}

@manual{PicoBlaze2,
    title={{PicoBlaze} {8-bit} Microcontroller for {Virtex-II} Series Devices},
    author={Ken Chapman},
    year={2003},
    url={http://www.xilinx.com/support/documentation/application_notes/xapp627.pdf},
    organization={Xilinx Ltd.},
}

@manual{PicoBlaze3,
    title={{PicoBlaze} {KCPSM3}: {8-bit} Micro Controller for {Spartan-3}, {Virtex-II} and {Virtex-IIPRO}},
    author={Ken Chapman},
    year={2003},
    url={http://www.xilinx.com/ipcenter/processor_central/picoblaze/member/KCPSM3.zip},
    organization={Xilinx Ltd.},
}

@manual{PicoBlaze6,
    title={{PicoBlaze} for {Spartan-6}, {Virtex-6} and {7-Series} ({KCPSM6})},
    author={Ken Chapman},
    year={2014},
    url={http://www.xilinx.com/ipcenter/processor_central/picoblaze/member/KCPSM6_Release8_31March14.zip},
    organization={Xilinx Ltd.},
}

@online{PicoBlazeExamples,
    title={{Spartan-3E FPGA} Starter Kit Board Design Examples},
    url={http://www.xilinx.com/products/boards/s3estarter/reference_designs.htm},
    publisher={Xilinx Ltd.},
}

@online{PacoBlaze,
    title={{PacoBlaze}},
    author={Pablo Bleyer Kocik},
    url={http://bleyer.org/pacoblaze/},
    year={2007},
}

@online{PblazAsmRepo,
    title={{pBlazASM} Google Code Repository},
    publisher={Mediatronix},
    url={http://code.google.com/p/pblazasm/},
}

@online{PblazAsm,
    title={{pBlazASM}},
    publisher={Mediatronix},
    url={http://www.mediatronix.com/pages/pBlazASM},
}

@online{PblazSim,
    title={{pBlazSIM}},
    publisher={Mediatronix},
    url={http://www.mediatronix.com/pages/pBlazSIM},
}

@online{PbsimRepo,
    title={Pbsim Github Repository},
    author={Zbyněk Křivka},
    url={https://github.com/krivka/pbsim},
}

@online{PbsimProj,
    title={PicoBlaze Instruction Simulator},
    author={Zbyněk Křivka and Jiří Šimek},
    year={2013},
    url={http://www.fit.vutbr.cz/research/prod/index.php.en?id=309},
}

@book{DSPwFPGA,
    title="Digital Signal Processing with Field Programmable Gate Arrays",
    author="Uwe Meyer-Baese",
    note="ISBN~987-3-540-72612-8",
    year="2007",
    publisher="Springer",
}

@book{CompilerDesignInC,
    title={Compiler design in C},
    author={Holub, Allen I},
    year={1990},
    publisher={Prentice Hall},
    note={ISBN~0-13-155045-4},
}

@book{DragonBook,
    title={Compilers: principles, techniques, \& tools},
    author={Aho, Alfred V and Lam, Monica S and Sethi, Ravi and Ullman, Jeffrey D},
    volume={1009},
    year={2007},
    publisher={Pearson/Addison Wesley},
    note={ISBN~0-321-48681-1},
}

@Book{C99,
    author =       "{American National Standards Institute}",
    title =        "{ANSI\slash ISO\slash IEC 9899-1999}: Programming
                    Languages --- {C}",
    publisher =    "pub-ANSI",
    year =         "1999",
    URL =          "http://webstore.ansi.org/ansidocstore/product.asp?sku=ANSI%2FISO%2FIEC+9899%2D1999",
}

@Book{C11,
    author =       "{ISO}",
    title =        "{ISO/IEC 9899:2011 Information technology ---
                    Programming languages --- C}",
    publisher =    "pub-ISO",
    year =         "2011",
    bibdate =      "Mon Dec 19 11:12:12 2011",
    URL =          "http://www.iso.org/iso/iso_catalogue/catalogue_tc/catalogue_detail.htm?csnumber=57853",
    remark =       "Revises ISO/IEC 9899:1999, ISO/IEC 9899:1999/Cor
                    1:2001, ISO/IEC 9899:1999/Cor 2:2004, and ISO/IEC
                    9899:1999/Cor 3:2007.",
}

@book{OptimizingCompiler,
    title={Building an Optimizing Compiler},
    author={Robert Morgan},
    year={1998},
    publisher={Elsevier Science},
    note={ISBN~1-55558-179-X},
}

@book{ARM,
    author={Peter Knaggs and Stephen Welsh},
    title={{ARM}: Assembly Language Programming},
    publisher={Bournemouth University},
    year={2004},
    url={http://www.eng.auburn.edu/~nelson/courses/elec5260_6260/ARM_AssyLang.pdf},
}

@manual{x86,
    title={Intel® 64 and IA-32 Architectures Software Developer’s Manual},
    organization={Intel Corporation},
    url={http://www.intel.com/content/www/us/en/processors/architectures-software-developer-manuals.html},
}

@online{LlvmWeb,
    title={The {LLVM} Compiler Infrastructure},
    url={http://llvm.org/},
}

@online{LlvmBackend,
    title={Tutorial: Creating an {LLVM} Backend for the {Cpu0} Architecture},
    url={http://jonathan2251.github.io/lbd/},
}

@online{LlvmNacl,
    title={Welcome to Native Client},
    url={https://developer.chrome.com/native-client},
    publisher={Google Inc.}
}

@online{LlvmApple,
    title={LLVM Compiler Overview},
    url={https://developer.apple.com/library/iOs/documentation/CompilerTools/Conceptual/LLVMCompilerOverview/index.html},
    publisher={Apple Inc.},
}

@online{GccWeb,
    title={{GCC}, the {GNU} Compiler Collection},
    url={http://gcc.gnu.org},
    publisher={Free Software Foundation, Inc.},
}

@online{GnuCppWeb,
    title={The {C} Preprocessor},
    year={2014},
    url={http://gcc.gnu.org/onlinedocs/cpp/},
    publisher={Free Software Foundation, Inc.},
}

@online{SdccWeb,
    title={{SDCC} - Small Device {C} Compiler},
    url={http://sdcc.sourceforge.net},
}

@online{PccompMan,
    title="Picoblaze {C} Compiler: User's Manual 1.1",
    author = "Francesco Poderico",
    year = "2005",
    howpublished = "[online]",
    url = "http://www.ux.uis.no/~karlsk/ELE610/dok/pccomp_manual.pdf",
}

@online{PbccProjekt,
    title={{PicoBlaze} C Compiler},
    url = {http://www.fit.vutbr.cz/research/view_product.php.en?id=126&notitle=1},
    author = {Zbyněk Křivka},
}

@mastersthesis{PbccHornik,
    title={Compiler Back-End of Subset of Language C for 8-Bit Processor},
    author={Jakub Horník},
    year={2011},
    school={Brno University of Technology},
}

@mastersthesis{PbccNovacek,
    title={{C} Compiler for {PicoBlaze} Microcontrollers},
    author={Bohumil Nováček},
    year={2008},
    type={BA thesis},
    school={Czech Technical University in Prague},
    url={https://dip.felk.cvut.cz/browse/pdfcache/xnovaceb_2008bach.pdf},
}
